@conference{zordan2004breathe,
  title={{Breathe easy: model and control of simulated respiration for animation}},
  author={Zordan, V.B. and Celly, B. and Chiu, B. and DiLorenzo, P.C.},
  booktitle={Proc. 2004 ACM SIGGRAPH/Eurographics Symp. on Computer animation},
  year={2004},
  organization={Eurographics Association}
}

@article{lee2009comprehensive,
  title={{Comprehensive biomechanical modeling and simulation of the upper body}},
  author={Lee, S.H. and Sifakis, E. and Terzopoulos, D.},
  journal={ACM Trans. Graph},
  year={2009},
  publisher={Citeseer}
}

@inproceedings{2010slp,
   title = {SLP: A Zero-Contact Non-Invasive Method for Pulmonary Function Testing},
   author = {de Boer, Willem and Lasenby, Joan and Cameron, Jonathan and Wareham, Rich and Ahmad, Shiraz and Roach, Charlotte and Hills, Ward and Iles, Richard},
   year = {2010},
   pages = {85.1--12},
   booktitle = {Proc. BMVC},
   isbn = {1-901725-40-5},
   note = {doi:10.5244/C.24.85}
}