@article{monheit2002kinematic,
  title={{A kinematic model of the human spine and torso}},
  author={Monheit, G. and Badler, N.I.},
  journal={Computer Graphics and Applications, IEEE},
  volume={11},
  number={2},
  pages={29--38},
  issn={0272-1716},
  year={2002},
  publisher={IEEE}
}

@article{nakamura2005somatosensory,
  title={{Somatosensory computation for man-machine interface from motion-capture data and musculoskeletal human model}},
  author={Nakamura, Y. and Yamane, K. and Fujita, Y. and Suzuki, I.},
  journal={Robotics, IEEE Transactions on},
  volume={21},
  number={1},
  pages={58--66},
  issn={1552-3098},
  year={2005},
  publisher={IEEE}
}

@conference{carranza2003free,
  title={{Free-viewpoint video of human actors}},
  author={Carranza, J. and Theobalt, C. and Magnor, M.A. and Seidel, H.P.},
  booktitle={ACM SIGGRAPH 2003 Papers},
  pages={569--577},
  isbn={1581137095},
  year={2003},
  organization={ACM}
}

@conference{zordan2004breathe,
  title={{Breathe easy: model and control of simulated respiration for animation}},
  author={Zordan, V.B. and Celly, B. and Chiu, B. and DiLorenzo, P.C.},
  booktitle={Proceedings of the 2004 ACM SIGGRAPH/Eurographics symposium on Computer animation},
  pages={29--37},
  isbn={3905673142},
  year={2004},
  organization={Eurographics Association}
}

@conference{dilorenzo2008laughing,
  title={{Laughing out loud}},
  author={DiLorenzo, P.C. and Zordan, V.B. and Sanders, B.L.},
  booktitle={ACM SIGGRAPH 2008 talks},
  pages={1},
  year={2008},
  organization={ACM}
}

@phdthesis{dilorenzo2009breathing,
  title={{Breathing, laughing, sneezing, coughing: Model and control of an anatomically inspired, physically-based human torso simulation}},
  author={DiLorenzo, P.C.},
  year={2009},
  school={UNIVERSITY OF CALIFORNIA, RIVERSIDE}
}


@article{lee2009comprehensive,
  title={{Comprehensive biomechanical modeling and simulation of the upper body}},
  author={Lee, S.H. and Sifakis, E. and Terzopoulos, D.},
  journal={ACM Trans. Graph},
  volume={28},
  number={4},
  pages={1--17},
  year={2009},
  publisher={Citeseer}
}

@phdthesis{lee2008biomechanical,
  title={{Biomechanical modeling and control of the human body for computer animation}},
  author={Lee, S.H.},
  year={2008},
  school={UNIVERSITY OF CALIFORNIA, LOS ANGELES}
}


@article{veltkamp2009physiological,
  title={{A Physiological Torso Model for Realistic Breathing Simulation}},
  author={Veltkamp, R. and Piest, B.},
  journal={Modelling the Physiological Human},
  pages={84--94},
  year={2009},
  publisher={Springer}
}

@article{konno1967measurement,
  title={{Measurement of the separate volume changes of rib cage and abdomen during breathing}},
  author={Konno, K. and Mead, J.},
  journal={Journal of Applied Physiology},
  volume={22},
  number={3},
  pages={407},
  issn={8750-7587},
  year={1967},
  publisher={Am Physiological Soc}
}

@book{sobotta1977atlas,
  title={{Atlas d'anatomie humaine}},
  author={Sobotta, J. and Putz, R. and Pabst, R. and Dhem, A. and Gouaz{\'e}, A.},
  isbn={222400351X},
  year={1977},
  publisher={Ed. m{\'e}dicales internationales}
}

@book{netter2009atlas,
  title={{Atlas d'anatomie humaine}},
  author={Netter, F.H.},
  isbn={2294094735},
  year={2009},
  publisher={Elsevier Masson}
}

@book{gray1918anatomy,
  title={{Anatomy of the human body}},
  author={Gray, H.},
  year={1918},
  publisher={Lea \& Febiger}
}

@book{moore1992clinically,
  title={{Clinically oriented anatomy}},
  author={Moore, K.L.},
  isbn={068306133X},
  year={1992},
  publisher={Williams \& Wilkins}
}

@article{zajac1989muscle,
  title={{Muscle and tendon: properties, models, scaling, and application to biomechanics and motor control.}},
  author={Zajac, F.E.},
  journal={Critical reviews in biomedical engineering},
  volume={17},
  number={4},
  pages={359},
  year={1989}
}

@book{drake2005gray,
  title={{Gray's anatomy for students}},
  author={Drake, R.L. and Vogl, W. and Mitchell, A.W.M.},
  isbn={0443066124},
  year={2005},
  publisher={Elsevier/Churchill Livingstone Philadelphia}
}

@book{hamid2006phys,
  title={{Physiologic Basis of Respiratory Disease}},
  author={Hamid, Q. and Shannon, J. and Martin, J.},
  isbn={1550092367},
  year={2006},
  publisher={BC Decker Inc./ Hamilton, Ontario, Canada}
}

@misc{scalenemuscles2009,
  title={{Scalene muscles}},
  author={Syndrome du Défilé Thoraco Brachial},
  year={2009},
  Note = {\url{http://sdtb.blogspot.com/}}
}

@article{klute2002artificial,
  title={{Artificial muscles: actuators for biorobotic systems}},
  author={Klute, G.K. and Czerniecki, J.M. and Hannaford, B.},
  journal={The International Journal of Robotics Research},
  volume={21},
  number={4},
  pages={295},
  issn={0278-3649},
  year={2002},
  publisher={SAGE Publications}
}

@conference{chen1992pump,
  title={{Pump it up: Computer animation of a biomechanically based model of muscle using the finite element method}},
  author={Chen, D.T. and Zeltzer, D.},
  booktitle={Proceedings of the 19th annual conference on Computer graphics and interactive techniques},
  pages={89--98},
  isbn={0897914791},
  year={1992},
  organization={ACM}
}

@conference{tu1994artificial,
  title={{Artificial fishes: Physics, locomotion, perception, behavior}},
  author={Tu, X. and Terzopoulos, D.},
  booktitle={Proceedings of the 21st annual conference on Computer graphics and interactive techniques},
  pages={43--50},
  isbn={0897916670},
  year={1994},
  organization={ACM}
}

@book{slonim1987respiratory,
  title={{Respiratory physiology}},
  author={Slonim, N.B. and Hamilton, L.H.},
  year={1987},
  publisher={Mosby Inc}
}

@misc{ultimatemodel2008,
  title={{Ultimate Human Model}},
  author={cgCharacter},
  year={2008},
  Note = {\url{http://www.cgcharacter.com/ultimatehuman.html}}
}


@inproceedings{slp2010,
  title={{SLP: A Zero-Contact Non-Invasive Method for Pulmonary Function Testing}},
   author = {de Boer, W. and Lasenby, J. and Cameron, J. and Wareham, R. and Ahmad, S. and Roach, C. and Hills, W. and Iles, R.},
   year = {2010},
   pages = {85.1--85.12},
   booktitle = {Proceedings of the British Machine Vision Conference},
   publisher = {BMVA Press},
   editors = {Labrosse, Fr\'ed\'eric and Zwiggelaar, Reyer and Liu, Yonghuai and Tiddeman, Bernie},
   isbn = {1-901725-40-5},
   note = {doi:10.5244/C.24.85}
}

@misc{makehuman2010,
  title={{Make Human}},
  author={MakeHuman team 2001-2010},
  year={2010},
  Note = {\url{http://www.makehuman.org/}}
}

@article{baran2007automatic,
  title={{Automatic rigging and animation of 3d characters}},
  author={Baran, I. and Popovi{\'c}, J.},
  journal={ACM Transactions on Graphics (TOG)},
  volume={26},
  number={3},
  pages={72--es},
  issn={0730-0301},
  year={2007},
  publisher={ACM}
}

@conference{lewis2000pose,
  title={{Pose space deformation: a unified approach to shape interpolation and skeleton-driven deformation}},
  author={Lewis, J.P. and Cordner, M. and Fong, N.},
  booktitle={Proceedings of the 27th annual conference on Computer graphics and interactive techniques},
  pages={165--172},
  isbn={1581132085},
  year={2000},
  organization={ACM Press/Addison-Wesley Publishing Co.}
}

@article{mohr2003building,
  title={{Building efficient, accurate character skins from examples}},
  author={Mohr, A. and Gleicher, M.},
  journal={ACM Transactions on Graphics (TOG)},
  volume={22},
  number={3},
  pages={562--568},
  issn={0730-0301},
  year={2003},
  publisher={ACM}
}

@conference{kavan2007skinning,
  title={{Skinning with dual quaternions}},
  author={Kavan, L. and Collins, S. and {\v{Z}}{\'a}ra, J. and O'Sullivan, C.},
  booktitle={Proceedings of the 2007 symposium on Interactive 3D graphics and games},
  pages={39--46},
  year={2007},
  organization={ACM}
}

@article{nelder1965simplex,
  title={{A simplex method for function minimization}},
  author={Nelder, J.A. and Mead, R.},
  journal={The computer journal},
  volume={7},
  number={4},
  pages={308},
  issn={0010-4620},
  year={1965},
  publisher={Br Computer Soc}
}

@mastersthesis{deboer2010breathing,
  title={{Structured Light Plethysmography: A non-invasive method for pulmonary function testing using visible light}},
  author={de Boer, W.H.},
  year={2010},
  school={UNIVERSITY OF CAMBRIDGE}
}

@article{wareham2008bone,
  title={{Bone Glow: An Improved Method for the Assignment of Weights for Mesh Deformation}},
  author={Wareham, R. and Lasenby, J.},
  journal={Articulated Motion and Deformable Objects},
  pages={63--71},
  year={2008},
  publisher={Springer}
}

@article{grzeszczuk1995automated,
  title={{Automated learning of muscle-based locomotion through control abstraction}},
  author={Grzeszczuk, R. and Terzopoulos, D.},
  journal={Proceedings of ACM SIGGRAPH: Computer Graphics},
  pages={63--70},
  year={1995}
}

@article{jameson1981numerical,
  title={{Numerical solutions of the Euler equations by finite volume methods using Runge-Kutta time-stepping schemes}},
  author={Jameson, A. and Schmidt, W. and Turkel, E. and others},
  journal={AIAA paper},
  volume={81},
  pages={1259},
  year={1981}
}

@misc{maya2010,
  title={{Autodesk Maya 2010}},
  author={Autodesk, Inc.},
  year={2010},
  Note = {\url{http://usa.autodesk.com/maya}}
}

@misc{stuart2011,
  title={{Grid tracking in structured light plethysmography}},
  author={Bennett, S.},
  Note = {PhD first year report, UNIVERSITY OF CAMBRIDGE, 2011}
}

@misc{googlebody2011,
  title={{Google Body}},
  author={Google and Zygote Media Group, Inc.},
  year={2011},
  Note = {\url{http://bodybrowser.googlelabs.com}}
}

@misc{zygote2011,
  title={{Zygote Media Group 3D}},
  author={Zygote Media Group, Inc.},
  year={2011},
  Note = {\url{http://www.zygote.com}}
}

@article{de1983mechanical,
  title={{Mechanical role of the abdominal muscles in relation to posture}},
  author={De Troyer, A.},
  journal={Respiration physiology},
  volume={53},
  number={3},
  pages={341--353},
  year={1983},
  publisher={Elsevier}
}

@article{sharp1975relative,
  title={{Relative contributions of rib cage and abdomen to breathing in normal subjects}},
  author={Sharp, J.T. and Goldberg, N.B. and Druz, W.S. and Danon, J.},
  journal={Journal of Applied Physiology},
  volume={39},
  number={4},
  pages={608},
  year={1975},
  publisher={Am Physiological Soc}
}

@mastersthesis{fogarty2011slp,
  title={{Structured Light Plethysmography: A statistical comparison of tidal volume curves obtained using SLP and spirometry}},
  author={Fogarty, C.},
  year={2011},
  school={HARVARD UNIVERSITY}
}

@article{altman1983measurement,
  title={{Measurement in medicine: the analysis of method comparison studies}},
  author={Altman, D.G. and Bland, J.M.},
  journal={Journal of the Royal Statistical Society. Series D (The Statistician)},
  volume={32},
  number={3},
  pages={307--317},
  year={1983},
  publisher={JSTOR}
}

@article{martin1986statistical,
  title={{Statistical methods for assessing agreement between two methods of clinical measurement}},
  author={Martin Bland, J. and Altman, D.G.},
  journal={The Lancet},
  volume={327},
  number={8476},
  pages={307--310},
  year={1986},
  publisher={Elsevier}
}

@article{nelson1979methods,
  title={{Methods for cosinor-rhythmometry.}},
  author={Nelson, W. and Tong, Y.L. and Lee, JK and Halberg, F.},
  journal={Chronobiologia},
  volume={6},
  number={4},
  pages={305},
  year={1979}
}

@article{alberola2003simple,
  title={{A simple test of equality of time series}},
  author={Alberola-L{\'o}pez, C. and Mart{\'\i}n-Fern{\'a}ndez, M.},
  journal={Signal processing},
  volume={83},
  number={6},
  pages={1343--1348},
  year={2003},
  publisher={Elsevier}
}

@article{dimatteo2001bayesian,
  title={{Bayesian curve-fitting with free-knot splines}},
  author={Dimatteo, I. and Genovese, C.R. and Kass, R.E.},
  journal={Biometrika},
  volume={88},
  number={4},
  pages={1055},
  year={2001},
  publisher={Biometrika Trust}
}

@article{behseta2005testing,
  title={{Testing equality of two functions using BARS}},
  author={Behseta, S. and Kass, R.E.},
  journal={Statistics in medicine},
  volume={24},
  number={22},
  pages={3523--3534},
  year={2005},
  publisher={Wiley Online Library}
}

@article{bisceglia2006renal,
  title={{Renal cystic diseases: a review}},
  author={Bisceglia, M. and Galliani, C.A. and Senger, C. and Stallone, C. and Sessa, A.},
  journal={Advances in Anatomic Pathology},
  volume={13},
  number={1},
  pages={26},
  year={2006}
}

@inproceedings{maldonado2011simulation,
 author = {Maldonado, T.J. and Lasenby, J.},
 title = {{Simulation of breathing for medical applications}},
 booktitle = {ACM SIGGRAPH 2011 Posters},
 series = {SIGGRAPH '11},
 year = {2011},
 isbn = {978-1-4503-0971-4},
 location = {Vancouver, British Columbia, Canada},
 pages = {7:1--7:1},
 articleno = {7},
 numpages = {1},
 url = {http://doi.acm.org/10.1145/2037715.2037723},
 doi = {http://doi.acm.org/10.1145/2037715.2037723},
 acmid = {2037723},
 publisher = {ACM},
 address = {New York, NY, USA},
}